@book{AI:ModernApproach,
   title = {Artificial Intelligence: A Modern Approach},
   author = {Stuart J and Russell and Peter Norvig},
   edition = {3rd Edition},
   year = {2010},
   publisher = {Prentice-Hall}
}
@book{AI:NewSynthesis,
	title = {Artificial Intelligence: A New Synthesis},
    author = {Nils J and Nilsson and Morgan Kauffman},
    year = {1998},
    publisher = {Publishers}
}
@misc{SiteCadeira,
	title = {Site da Cadeira},
    howpublished = {\url{http://www.cin.ufpe.br/~if684/index.html}},
    note = {Acesso: 21/10/2018}
}
@misc{CInWIKI,
	title = {CInWIKI},
    howpublished = {\url{https://www.cin.ufpe.br/~pet/wiki/P%C3%A1gina_principal}},
    note = {Acesso : 21/10/2018}
}