@MISC{slides,
		AUTHOR = "Paulo Borba",
		TITLE = "Software and systems engineering",
		howpublished = "\url{https://classroom.google.com/u/1/c/MTYwMTk0NTE5NTJa}"
		}
@MISC{market,
    AUTHOR = "Ted Samsom",
    Title = "Demand for software engineers keeps climbing -- and so do the salaries",
    howpublished = "\url{https://www.infoworld.com/article/2615882/it-jobs/demand-for-software-engineers-keeps-climbing----and-so-do-the-salaries.html}"
    }
@BOOK{Ian,
	Author = "Ian Sommerville",
	Title = "Software Engineering Ninth Edition",
	Publisher = "Pearson",
	Year = "2011"
}

