@book{1,
  author    = {Michael Sipser}, 
  title     = {Introduction to the Theory of Computation},
  publisher = {PWS Publishing Company},
  year      = {2005},
  edition   = {Second},
  month     = {February},
  note      = {Textbook for an upper division undergraduate and introductory graduate level course covering automata theory, computability theory, and complexity theory.},
  isbn      = {0-534-95097-3}
}

@book{2,
  author    = {John E. Hopcroft, Rajeev Motwani e Jeffrey D. Ullman}, 
  title     = {Introdução à Teoria dos Autômatos, Linguagens e Computação},
  publisher = {Editora Campus},
  year      = {2002},
  month     = {Outubro},
  note      = {Tradução brasileira de: Introduction to Automata Theory, Languages, and Computation, 2/E, Addison-Wesley, 2001, ISBN: 0-201-44124-1},
  isbn      = {85-352-1072-5}
}

@book{3,
  author    = {Harry R. Lewis e Christos Papadimitriou}, 
  title     = {Elements of the Theory of Computation},
  publisher = {Prentice-Hall},
  year      = {1998},
  edition   = {Second},
  isbn      = {0-13-262478-8}
}

@book{4,
  author    = {Dexter Kozen}, 
  title     = {Automata and Computability},
  publisher = {Springer},
  year      = {1997},
  isbn      = {0-387-94907-0}
}
@book{5,
  author    = {Christos Papadimitriou e Addison Wesley}, 
  title     = {Computational Complexity},
  year      = {1994},
  isbn      = {0-201-53082-1.}
}

@misc{10,
  title        = {CC BY-SA 3.0},
  version      = {1.2},
  organization = {Free Software Foundation},
  howpublished = {\urlhttps://commons.wikimedia.org/wiki/File:Bletchley_Park_Bombe_IMG_3562.JPG},
  date         = {2005-10-21}
}