@misc{ sitedadisciplina,
       author = "Djamel Sadok",
       title = "Site da disciplina",
       howpublished = 
       "\url{http://www.cin.ufpe.br/~if738/#_Plano_de_Ensino}", 
       year="Acessado em 2018",}
@misc{ sitedaunip,
       author = "UNIP",
       title = "Site da UNIP",
       howpublished = 
       "\url{http://www.unip.br/presencial/ensino/graduacao/tecnologicos/redes_computadores.aspx}",
       year = "Acessado em 2018" }
@misc{ sitedaufmg,
       author = "Comitê Assessor de Ciência da Computação do CNPq",
       howpublished = "{\url{https://homepages.dcc.ufmg.br/~bigonha/Subareas/computacao.html}}",
       year = {Acessado em 2018},
       }