@MISC{cinwiki-infrasoft,
	HOWPUBLISHED = "\url{https://cin.ufpe.br/~pet/wiki/IF677}",
	AUTHOR = "PET CIn",
	TITLE = "Infraestrutura de Software - CInWiki",
	MONTH = "",
	YEAR = "",
	NOTE = "Acessado em 22 de Outubro de 2018"
}

@MISC{cinwiki-infrahard,
	HOWPUBLISHED = "\url{https://cin.ufpe.br/~pet/wiki/IF674}",
	AUTHOR = "PET CIn",
	TITLE = "Infraestrutura de Hardware - CInWiki",
	MONTH = "",
	YEAR = "",
	NOTE = "Acessado em 24 de Outubro de 2018"
}

@MISC{cinwiki-infracom,
	HOWPUBLISHED = "\url{https://cin.ufpe.br/~pet/wiki/IF678}",
	AUTHOR = "PET CIn",
	TITLE = "Infraestrutura de Comunicação - CInWiki",
	MONTH = "",
	YEAR = "",
	NOTE = "Acessado em 24 de Outubro de 2018"
}

@MISC{cnpq-areas,
	HOWPUBLISHED = "\url{http://lattes.cnpq.br/web/dgp/ciencias-exatas-e-da-terra}",
	AUTHOR = "CNPq",
	TITLE = "Áreas do Conhecimento - Ciências Exatas e da Terra",
	MONTH = "",
	YEAR = "",
	NOTE = "Acessado em 24 de Outubro de 2018"
}

@MISC{perfilcurricular,
	HOWPUBLISHED = "\url{https://www.ufpe.br/documents/38970/411209/ciencia_computacao_perfil_2002.pdf}",
	AUTHOR = "PRO-REITORIA PARA ASSUNTOS ACADEMICOS - UFPE",
	TITLE = "Relatório Perfil Curricular",
	MONTH = "",
	YEAR = "",
	NOTE = "Acessado em 24 de Outubro de 2018"
}

@MISC{horarios,
	HOWPUBLISHED = "\url{https://sites.google.com/site/secgradcin/ciencia-da-computacao/horarios-das-disciplinas/modulo-ii}",
	AUTHOR = "Secretaria de Graduação - CIn",
	TITLE = "Disciplinas Obrigatórias 2018.2",
	MONTH = "",
	YEAR = "",
	NOTE = "Acessado em 22 de Outubro de 2018"
}

@MISC{anotacoes,
	HOWPUBLISHED = "\url{https://drive.google.com/file/d/1EyJnZ6VopheKzdzPEOzuOaqfQw88yik8/view?usp=sharing}",
	AUTHOR = "Pedro Tôrres; PETlib",
	TITLE = "Anotações Aula Software",
	MONTH = "",
	YEAR = "",
	NOTE = "Acessado em 24 de Outubro de 2018"
}

@MISC{diagrama,
	HOWPUBLISHED = "\url{https://upload.wikimedia.org/wikipedia/commons/thumb/f/fd/Operating_system_placement-pt.svg/200px-Operating_system_placement-pt.svg.png}",
	AUTHOR = "Golftheman",
	TITLE = "Operating system placement-pt",
	MONTH = "Julho",
	YEAR = "2013",
	NOTE = "Acessado em 25 de Outubro de 2018"
}