@book{1,
  title={Digital multimedia},
  author={Chapman, Nigel and Chapman, Jenny},
  year={2005},
  publisher={John Wiley \& Sons}
}

@book{2,
  title={Virtual reality technology},
  author={Burdea, Grigore C and Coiffet, Philippe},
  year={2003},
  publisher={John Wiley \& Sons}
}

@book{3,
  title={3D User interfaces: theory and practice, CourseSmart eTextbook},
  author={Bowman, Doug and Kruijff, Ernst and LaViola Jr, Joseph J and Poupyrev, Ivan P},
  year={2004},
  publisher={Addison-Wesley}
}