@book{CG,
  title = {Computer Graphics: Priciples and Practice- 3rd Edition},
  author = {James D.Foley},
  isbn = 0321399528,
  year = {2014},
  publisher = {Addison-Wesley}
}
@book{CS,
  title = {Curves and Surfaces for CAGD - A Practical Guide - 5th Edition},
  author = {Gerald Farin},
  isbn = 9781558607378,
  year = {2002},
  publisher = {Morgan-Kaufmann}
}
@book{OP,
  title = {OpenGL Superbible:Comprehensive Tutorial and Reference - 4th Edition},
  author = {Richard S.},
  isbn = 9780321498823
  year = {2007},
  publisher = {Addison-Wesley}
}
@misc{img,
  title = {A GPU by AMD based on the Cura√ßao XT architecture},
  howpublished = {urlhttps://commons.wikimedia.org/wiki/File:Graphics_Processing_Unit.JPG},
  date = {21/11/2009}
}