@book{slp,
  title={Speech and Language Processing},
  author={Daniel Jurafsky and James H. Martin},
  year={2008},
  publisher={Prentice Hall}
}

@book{iir,
  title={An Introduction to Information Retrieval},
  author={Christopher D. Manning, Prabhakar Raghavan and Hinrich Schutze},
  year={2009},
  publisher={Cambridge University Press}
}

@book{nlpp,
  title={Natural Language Processing with Python},
  author={Steven Bird, Ewan Klein, and Edward Loper},
  year={2009},
  publisher={O'Reilly Media, Inc}
}