@book{beale1990,
  title={Neural Computing : An Introduction.},
  author={Beale, R.},
  author2={Jackson, T.},
  isbn={9780852742624},
  url={https://books.google.com.br/books/about/Neural_Computing_An_Introduction.html?id=pVR9W5LEZUwC&redir_esc=y},
  year={1990},
  publisher={CRC Press}
}
@book{braga2000,
  title={Redes Neurais Artificiais: Teoria e Aplicações.},
  author={Braga, A.P.},
  author2={Ludermir, T.B},
  author3={Carvalho, A. F},
  isbn={9788521615644},
  url={https://books.google.com.br/books/about/Redes_neurais_artificiais.html?id=R-p1GwAACAAJ&redir_esc=y},
  year={2000},
  publisher={LTC Editora}

}
@book{haykin1993,
  title={Neural Computation: A Comprehensive Foundation},
  author={Haykin, S.},
  isbn={0132733501},
  url={https://books.google.com.br/books/about/Neural_networks.html?id=PSAPAQAAMAAJ},
  year={1993},
  publisher={Macmillan}
}

@misc{SiteDisciplina,
  title = {Site da Disciplina},
  howpublished = {\url{http://www.cin.ufpe.br/~gcv/web_lci/intro.html}},
  note = {Accessed on 2018-10-18}
}

@misc{ProsnCons,
  title = {Vantagens e Desvantagens de Redes Neurais},
  howpublished = {\url{https://towardsdatascience.com/hype-disadvantages-of-neural-networks-6af04904ba5b}},
  note = {Accessed on 2018-10-18}
}

@misc{AulaIntrodutoria,
  title = {Aula introdutória de Redes Neurais},
  howpublished = {\url{http://www.cin.ufpe.br/~gcv/web_lci/Aula-introducao-redes-neurais.PDF}},
  note = {Accessed on 2018-10-18}
}
