@book{james2013redesdecomputadores,
  title={Redes de Computadores e a Internet - Uma Abordagem Top-Down 3a. edição},
  author={James F. Kurose e Keith W. Ross},
  year={2013},
  publisher={Ed. Pearson}
}
@book{james2015redesdecomputadores,
  title={Redes de Computadores e a Internet - Uma Abordagem Top-Down 5a. edição},
  author={James F. Kurose e Keith W. Ross},
  year={2015},
  publisher={Ed. Addison Wesley BRA.}
}
@book{andrew2011redesdecomputadores,
  title={Redes de Computadores 5a. edição},
  author={Andrew S. Tanebaum e David J. Wetherall},
  year={2011},
  publisher={Ed. Pearson}
}
@misc{gregsubamarine,
title={Imagem de Cabos de Comunicação Submarinos.},
author={Greg Mahlknecht},
year={2015},
url={https://upload.wikimedia.org/wikipedia/commons/8/89/Submarine_cable_map_umap.png},
license={Creative Commons BY-SA 2.0}
}