@misc{siteIF796,
  title = {Aulas da disciplina},
  author = {Professores CIn},
  howpublished = 
  {\url{http://www.cin.ufpe.br/~if796/2017-2/}}, 
  note = {Acesso: 20/10/2018}
}
@misc{img1,
  author = {CC},
  howpublished = 
  {\url{https://www.maxpixel.net/Circle-Data-Information-Know-Certainty-Learn-229115}}
}
@misc{perfilCurricular,
  author = {perfil curricular Ciência da Computação, UFPE},
  howpublished = 
  {\url{https://docs.google.com/a/cin.ufpe.br/viewer?a=v&pid=sites&srcid=Y2luLnVmcGUuYnJ8aWY2Njh8Z3g6M2NjYTIxNWU3ZjVkOWIw}}, 
  note = {Acesso: 20/10/2018}
}
@misc{AED,
  author = {site Algoritmos e estruturas de dados},
  howpublished = 
  {\url{http://www.cin.ufpe.br/~paguso/courses/if672cc/atual/}}, 
  note = {Acesso: 20/10/2018}
}
@misc{IEC,
  author = {site Infra-estrutura de comunicação},
  howpublished = 
  {\url{http://www.cin.ufpe.br/~pasg/if678/if678.html}}, 
  note = {Acesso: 20/10/2018}
}
