@misc{sitedisciplina,
title = {Site da Disciplina},
howpublished = {\url{https://www.cin.ufpe.br/\textasciitilde{}paguso/courses/if672cc/atual/}},
note = {Accessed on 2018-10-14}
}
@misc{sitedisciplina2,
title = {Site da Disciplina 2},
howpublished = {\url{https://sites.google.com/a/cin.ufpe.br/if672cc-aeds-rvimieiro/}},
note = {Accessed on 2018-10-14}
}
@misc{sitesubareas,
title = {Site das subáreas da computação},
howpublished = {\url{https://sites.google.com/a/cin.ufpe.br/if672cc-aeds-rvimieiro/}},
note = {Accessed on 2018-10-14}
}
@misc{Wiki,
title = {CInWiki},
howpublished = {\url{https://cin.ufpe.br/\textasciitilde{}pet/wiki}},
note = {Acessed on 2018-10-14}
}