@video{fcv,
 author = {Fernando Castor},
 title = {As Próximas Cinco Linguagens para Você Aprender e Por que.},
 howpublished = {\url{www.youtube.com/watch?v=MsWmSCCVj5Y/}},
 year = {2012},
}

@misc{plpcin,
 author = {Márcio Lopes Cornélio},
 title = {Disciplina Paradigmas de Linguagens Computacionais, ofertada no Cin, UFPE, Brasil.},
 howpublished = {\url{sites.google.com/a/cin.ufpe.br/if686/}},
 year = {2016},
}

@misc{plpubuk,
 author = {Universidade de Birmingham},
 title = {O que são Paradigmas de Programação?},
 howpublished = {\url{www.cs.bham.ac.uk/research/projects/poplog/paradigms{\_}lectures/}},
}

@misc{plprt,
 author = {Ray Toal},
 title = {Paradigmas de Programação},
 howpublished = {\url{cs.lmu.edu/~ray/notes/paradigms/}},
}

