@misc{SiteDisciplina,
  title={Site da Disciplina},
  howpublished={\url{http://cin.ufpe.br/~if689/}},
}
@misc{CinWiki,
  title={Página da disciplina no CinWiki},
  howpublished={\url{https://cin.ufpe.br/~pet/wiki/Informática-Teórica}},
}
@misc{Slides,
  title={Slides das Aula},
  howpublished={\url{http://www.cin.ufpe.br/~if689/2-2017/}},
}
@book{MichaelSipser,
  title={Introdução à teoria da computação},
  author={Michael, Sipser},
  url={http://books.google.com/books?id=W-xMPgAACAAJ},
  year={1995},
}
@misc{Imagem,
title={Foto de Alan Turing},
url={https://pt.wikipedia.org/wiki/Ficheiro:Alan_Turing_Aged_16_(cropped).jpg},
}
