@book{1,
  author    = {Marcos N. Magalhães, Antonio Carlos P. de Lima.},
  title     = {Noções de Probabilidade e Estatística},
  year      = {2007},
  publisher = {Editora da Universidade de São Paulo},
  address   = {São Paulo, SP},
}
@book{2,
  author    = {Wilton de O. Bussab, Pedro A. Morettin.},
  year      = {2010},
  title     = {Estatística Básica},
  publisher = {Editora Saraiva},
  
}
@misc{3,
  author = {Rodrigo e Chiu},
  title = {{Estatística e Probabilidade para Computação [2018.2]}},
  howpublished = {\url{http://www.cin.ufpe.br/~et586cc/}},
  year = {2015},
  note = {Acessado em : 25-10-2018}
}
@misc{4,
  author = {contribuidores da wiki CInWiki},
  title = {{Estatística e Probabilidade para Computação}},
  howpublished = {\url{https://cin.ufpe.br/~pet/wiki/index.php?title=Estat%C3%ADstica_e_Probabilidade_para_Computa%C3%A7%C3%A3o&oldid=1775}},
  year = {2013},
  note = {Acessado em : 25-10-2018}
}
@misc{5,
  title = {{Disciplinas Obrigatórias 2018.2}},
  howpublished = {\url{https://sites.google.com/site/secgradcin/ciencia-da-computacao/horarios-das-disciplinas/modulo-ii}},
  year = {2018},
  note = {Acessado em : 25-10-2018}
}
