@book{foto,
  title={Realidade Virtual Tecnologia},
  author={TheDigitalArtist},
  isbn={9781417642595},
  url={https://cdn.pixabay.com/photo/2018/05/02/14/53/virtual-reality-3368729_960_720.jpg},
  year={2018},
  publisher={TheDigitalArtist}
}

@book{casamais,
title ={REALIDADE VIRTUAL NA EDUCAÇÃO: COMPANHIA DE CONTEÚDO EDUCACIONAL EM 3D JUNTA-SE COM O CRIADOR DO HEADSET DA HTC},
author={Casa Mais 360},
url={https://www.casamais360.com.br/companhia-de-conteudo-educacional-em-3d-junta-se-com-o-criador-do-headset-de-realdiade-virtual-da-htc/},
year={2016},
publisher={Casa Mais 360}
}

@book{grv_pucrs,
title ={Uma Introdução à Realidade Virtual},
author={Prof. Dr. Márcio Sarroglia Pinho, Prof. Dr. Cláudio Kirner},
url={http://grv.inf.pucrs.br/tutorials/introducao-a-realidade-virtual/},
year={N/A},
publisher={PUCRS}

@book{ccufpe,
title ={Relatório Perfil Curricular},
author={PRO-REITORIA PARA ASSUNTOS ACADEMICOS},
url={https://docs.google.com/viewer?a=v&pid=sites&srcid=Y2luLnVmcGUuYnJ8aWY2Njh8Z3g6M2NjYTIxNWU3ZjVkOWIw},
year={2002},
publisher={UFPE}


}

