@book{historia,
  title={História da Computação: teoria e tecnologia},
  author={ Cléuzio Fonseca Filho},
  year={2007},
  publisher={ediPUCRS},
}
@book{historia1,
title ={Out of their minds: The Lives and Discoveries of 15 Great Computer Scientists},
author ={  D. Sasha and C. Lazère},
year ={1998},
publisher={Copernicus Books},
}
@book{historia2,
title={História da Computação},
author={Harol Davis},
year={1999},
publisher={Atual},
}