@book{CM:ComputationalBiology,
   title = {Computational Molecular Biology: An Algorithmic Approach},
   author = {Pavel Pevzner},
   year = {2000},
   publisher = {The MIT Press}
}
@book{CM:BioinformaticsAlgorithms,
	title = {An Introduction to Bioinformatics Algorithms.},
    author = {Neil C. Jones and Pavel Pevzner},
    year = {2004},
    publisher = {The MIT Press}
}
@misc{SiteCadeira,
	title = {Site da Cadeira},
    howpublished = {\url{http://www.cin.ufpe.br/~if803/}},
    note = {Acesso : 24/10/2018}
}