@book{IanSommerville,
  title={Engenharia de Software - 8a edição},
  author={Ian Sommerville},
  year={2007},
  publisher={Pearson/Addison-Wesley}
}

@textoreferencia{CarloGhezzi,
    title={Fundamentals of Software Engineering},
    author={Carlo Ghezzi, Mehdi Jazayeri e Dino Mandrioli},
    year={1991},
    publisher={Prentice-Hall},
}

@textoreferencia{AlainAbran,
    title={Guide to the Software Engineering Book of Knowledge},
    author={Alain Abran, James W. Moore, Pierre Bourque e Robert Dupuis},
    year={2004},
    publisher={IEEE Computer Society Press},
}

@textoreferencia{ShariPfleeger,
    title={Engenharia de Software – Teoria e Prática 4a edição},
    author={Shari Pfleeger},
    year={2009},
    publisher={Pearson/Prentice-Hall},
}