@book{adams1995hitchhiker,
  title={The Hitchhiker's Guide to the Galaxy},
  author={Adams, D.},
  isbn={9781417642595},
  url={http://books.google.com/books?id=W-xMPgAACAAJ},
  year={1995},
  publisher={San Val}
  
  @book{Livro1,
  title = {Principles of digital design},
  year = {1997},
  author = {Daniel D. Gajski},
  editor = {Prentice Hall}
  }
  
  @book{Livro2,
  title = {Introdução aos Sistemas Digitais},
  author = {Milos Ercegovac},
  editor = {Editora Bookman}
  }
  
  @book{Livro3,
  title = {Introduction to Computer Engeneering - Hardware and Software Design},
  author = {Taylor L. Booth},
  editor = {Proactive Philanthropy}
  }
  @ONLINE{InfraDeHardware,
  url = {http://www.cin.ufpe.br/~if674/Objetivo.html}
  }
  @ONLINE{Robotica,
  url = {http://www.cin.ufpe.br/~graduacao/reforma/p_e_topicos_avancados_robotica_automacao.html}
  }
  @ONLINE{SistemasDigitais,
  url = {http://www.cin.ufpe.br/~if675/}
  }
}
