@book{0001,
    author    = "R. Elmasri e S. Navathe",
    title     = "Sistemas de Banco de Dados",
    year      = "2011",
    publisher = "Pearson Education",
}@misc{0002,
	title = {Site da Cadeira IF 685},
    howpublished = {https://http://www.cin.ufpe.br/~if685/},
    note = {Acesso: 25/10/2018}
}
@book{0003,
    author    = " R. Ramakrishnam e J. Gehrke",
    title     = "Sistemas de Gerenciamento de Banco de Dados",
    year      = "2008",
    publisher = "Mcgraw Hill",
}
@book{0004,
    author    = " R. Baeza-Yates e B. Ribeiro-Neto ",
    title     = "Modern Information Retrival",
    year      = "1999",
    publisher = "Addison Wesley",
}
