\documentclass{article}


 \usepackage[brazil]{babel} 
  
  \usepackage{apacite}
  \begin{document} 
  
 \title{ IF687 - Introducao a Multimidia}
\author{rgals }
\date{Outubro 2018}
 \maketitle
 
 
 \bibliography{ReferÃªncias}
@misc{9gag,
    title = {Introducao a Multimidia},
    howpublished = " http://www.cin.ufpe.br/~if687/",
}
@misc{grade,
    title = {Grade Curricular},
   howpublished = "https://www.ufpe.br/ciencias-da-computacao-bacharelado-cin",
}
@misc{obj,
    title = {Multimidia},
   howpublished = " http://www.fsssacramento.br/arquivos/si/ementas/5sem/multimidia.pdf",
}




 
 
 
\end{document}
