@book{1,
author = {John A. Bondy},
title  = {Graph Theory with Applications.},
publisher = {North-Holland},
year   = 1975,
isbn   = {0444194517}
}

@book{2,
author = {John A. Bondy},
title  = {Graph Theory},
publisher = {Springer}
year   = {2008},
isbn   = {9781849966900}
}

@misc{disciplina,
author = {CIn - UFPE},
title = {Teoria dos Grafos},
howpublished = "\url{http://cin.ufpe.br/~if768/}",
year = 2018
}
