@book{Manual,
  title={Manual de Empreendedorismo e Gestão},
  author={Bernardini, Luiz Antonio},
  year={2003},
  publisher={Editora Atlas}
}
@book{Planejamento,
  title={Planejamento Estratégico: Conceitos, Metodologia e Práticas},
  author={Pinho Rebouças de Oliveira, Djalma},
  year={2004},
  publisher={Editora Atlas}
}
@eletronic{Inovacao,
  author = {Rui Santo},
  title = {Processos Criativos. Metodologias para fazer surgir e alimentar inovações nas empresas},
  year = 2007,
  howpublished = {\url{www.cin.ufpe.br/~if683/files/active/0/Manual%20de%20Projeto%20de%20Desenvolvimento.doc}},
  urldate = {2018-10-16}
}

