@misc{SiteDisciplina,
title = {Site da Disciplina},
howpublished = {\url{http://cin.ufpe.br/~musica/}},
note = {Acessado em 18-10-2018}
}
@misc{SiteAlgoritmos,
title = {Site de Algoritmos do CIn},
howpublished = {\url{https://cin.ufpe.br/~pet/wiki/Algoritmos_e_Estruturas_de_Dados}},
note = {Acessado em 18-10-2018}
}
@misc{SiteIA,
title = {Site de InteligÃªncia Artificial do CIn},
howpublished = {\url{http://www.cin.ufpe.br/~graduacao/reforma/p_e_topicos_avancados_inteligencia_artificial.html}},
note = {Acessado em 18-10-2018}
}

