@misc{siteDisciplina ,
    title = {Site da discliplina},
    howpublished = {\url{http://cin.ufpe.br/if699}}
}

@misc{WikiDisciplina ,
    title = {CinWiki da disciplina} ,
    howpublished = {\url{https://pt.wikipedia.org/wiki/Aprendizado_de_máquina#Aplicações}}
}

@misc{Site1 ,  
    title = {Importância do Machine learning} ,
    howpublished = {\url{https://www.sas.com/pt_br/insights/analytics/machine-learning.html}}
}

@misc{Dados ,
    title = {O que é gestão de dados e informação} ,
    howpublished = {\url{http://blogmactec.com.br/?p=219}}
}