@misc{Curriculo,
    title={Currículo do Curso de Graduação em Ciência da Computação},
    howpublished={\url{http://www.cin.ufpe.br/~wsr/ciencia_da_computacao.pdf}},
}
@misc{Site_secundario,
    title={Outro site para a disciplina},
    howpublished={\url{http://www.cin.ufpe.br/~graduacao/reforma/p_e_computacao_musica.html}},
}
@misc{Site_oficial,
    title={Site oficial da disciplina},
    howpublished={\url{www.di.ufpe.br/~musica/}},
}