@book{1,
  author={Bondy, J. A., Murty, U. S. R.},
  title={Graph Theory},
  publisher={Springer},
  year={2008},
  isbn={9781849966900},
  url={https://www.amazon.com/Graph-Theory-Graduate-Texts-Mathematics/dp/1849966907/ref=sr_1_1?ie=UTF8&qid=1540499293&sr=8-1&keywords=bondy+murty},
  }
@book{2,
  author={Bondy, J. A., Murty, U. S. R.},
  title={Graph Theory with Applications},
  publisher={North Holland},
  year={1976},
  isbn={0444194517},
  url={https://www.amazon.com/Graph-Theory-Applications-Adrian-Bondy/dp/0444194517/ref=sr_1_2?ie=UTF8&qid=1540499293&sr=8-2&keywords=bondy+murty},
  }  
@misc{disciplina,
  author = {CIn - UFPE},
  title = {Teoria dos Grafos},
  howpublished = "\url{http://cin.ufpe.br/~if768/}",
  year = {2018},
}
